@article{BenensonOHS14,
  author    = {Rodrigo Benenson and
    Mohamed Omran and
      Jan Hendrik Hosang and
      Bernt Schiele},
  title     = {Ten Years of Pedestrian Detection, What Have We Learned?},
  journaltitle   = {CoRR},
  volume    = {abs/1411.4304},
  year      = {2014},
  url       = {http://arxiv.org/abs/1411.4304},
  timestamp = {Mon, 01 Dec 2014 14:32:13 +0100},
  biburl    = {http://dblp.uni-trier.de/rec/bib/journals/corr/BenensonOHS14},
  bibsource = {dblp computer science bibliography, http://dblp.org}
}

@article{Dollar:2012:PDE:2197081.2197275,
  author = {Dollar, Piotr and Wojek, Christian and Schiele, Bernt and Perona, Pietro},
  title = {Pedestrian Detection: An Evaluation of the State of the Art},
  journal = {IEEE Trans. Pattern Anal. Mach. Intell.},
  issue_date = {April 2012},
  volume = {34},
  number = {4},
  month = apr,
  year = {2012},
  issn = {0162-8828},
  pages = {743--761},
  numpages = {19},
  url = {http://dx.doi.org/10.1109/TPAMI.2011.155},
  doi = {10.1109/TPAMI.2011.155},
  acmid = {2197275},
  publisher = {IEEE Computer Society},
  address = {Washington, DC, USA},
  keywords = {Pedestrian detection, object detection, benchmark, evaluation, data set, Caltech Pedestrian data set.},
} 

@article{journals/tsmc/HaralickSD73,
  added-at = {2014-01-22T00:00:00.000+0100},
  year={1973},
  author = {Haralick, Robert M. and Shanmugam, K. Sam and Dinstein, Its'hak},
  biburl = {http://www.bibsonomy.org/bibtex/2505059efb537a7cf665f7e5dd448d524/dblp},
  ee = {http://dx.doi.org/10.1109/TSMC.1973.4309314},
  interhash = {7858e3f464a63c4d60d41b89de2cc4ef},
  intrahash = {505059efb537a7cf665f7e5dd448d524},
  journal = {IEEE Transactions on Systems, Man, and Cybernetics},
  keywords = {dblp},
  number = 6,
}

@MISC{Miyamoto_fastcalculation,
  author = {Eizan Miyamoto and Thomas Merryman},
  title = {FAST CALCULATION OF HARALICK TEXTURE FEATURES},
  year = {2005}
}

@inproceedings{conf/iccv/WangHY09,
  added-at = {2011-01-30T00:00:00.000+0100},
  author = {Wang, Xiaoyu and Han, Tony X. and Yan, Shuicheng},
  biburl = {http://www.bibsonomy.org/bibtex/242c8c7e4417423c94dae42f180e4c0e8/dblp},
  booktitle = {ICCV},
  crossref = {conf/iccv/2009},
  ee = {http://dx.doi.org/10.1109/ICCV.2009.5459207},
  interhash = {b9d90111300a0be1d7c312e1e0305073},
  intrahash = {42c8c7e4417423c94dae42f180e4c0e8},
  keywords = {dblp},
  pages = {32-39},
  publisher = {IEEE},
  timestamp = {2011-01-30T00:00:00.000+0100},
  title = {An HOG-LBP human detector with partial occlusion handling.},
  url = {http://dblp.uni-trier.de/db/conf/iccv/iccv2009.html#WangHY09},
  year = {2009}
}

@MISC{Ott_implicitcolor,
  author = {Patrick Ott and Mark Everingham},
  title = {Implicit Color Segmentation Features for Pedestrian and Object Detection},
  year = {2009}
}

@inproceedings{ DollarBMVC09ChnFtrs,
  author = {P. Doll\'ar and Z. Tu and P. Perona and S. Belongie},
  title = {Integral Channel Features},
  booktitle = {BMVC},
  year = {2009},
}

@inproceedings{conf/cvpr/WalkMSS10,
  added-at = {2010-11-02T00:00:00.000+0100},
  author = {Walk, Stefan and Majer, Nikodem and Schindler, Konrad and Schiele, Bernt},
  biburl = {http://www.bibsonomy.org/bibtex/2f583cfae5c594a52212fa18ca50fc8a0/dblp},
  booktitle = {CVPR},
  crossref = {conf/cvpr/2010},
  ee = {http://dx.doi.org/10.1109/CVPR.2010.5540102},
  interhash = {b9eab603813f996a8b0e77c9d5c3256e},
  intrahash = {f583cfae5c594a52212fa18ca50fc8a0},
  keywords = {dblp},
  pages = {1030-1037},
  publisher = {IEEE},
  timestamp = {2010-11-02T00:00:00.000+0100},
  title = {New features and insights for pedestrian detection.},
  url = {http://dblp.uni-trier.de/db/conf/cvpr/cvpr2010.html#WalkMSS10},
  year = {2010}
}

@InProceedings{DT05,
  author       = "Navneet Dalal and Bill Triggs",
  title        = "Histograms of Oriented Gradients for Human Detection",
  booktitle    = "International Conference on Computer Vision \& Pattern Recognition",
  volume       = "2",
  pages        = "886-893",
  month        = "June",
  year         = "2005",
  editor       = "Cordelia Schmid and Stefano Soatto and Carlo Tomasi",
  address      = "INRIA Rh\^one-Alpes, ZIRST-655, av. de l'Europe, Montbonnot-38334",
  keywords     = "LEAR, ACEMEDIA, LAVA",
  url          = "http://lear.inrialpes.fr/pubs/2005/DT05"
}
